<?xml version="1.0" encoding="UTF-8"?>
<collection><record><leader>01316nz  a2200181n  4500</leader><controlfield tag="001">9881766359902441</controlfield><controlfield tag="005">20240329140118.0</controlfield><controlfield tag="008">151001i| anannbabn          |a ana     c</controlfield><datafield tag="010" ind1=" " ind2=" "><subfield code="a">sh2015002362</subfield></datafield><datafield tag="035" ind1=" " ind2=" "><subfield code="a">(DLC)sh2015002362</subfield></datafield><datafield tag="035" ind1=" " ind2=" "><subfield code="a">(LIBRARY_OF_CONGRESS)985141331900041</subfield></datafield><datafield tag="040" ind1=" " ind2=" "><subfield code="a">WaU</subfield><subfield code="b">eng</subfield><subfield code="c">DLC</subfield></datafield><datafield tag="150" ind1=" " ind2="7"><subfield code="a">LGBTQ+ political refugees</subfield><subfield code="2">nula</subfield></datafield><datafield tag="450" ind1=" " ind2=" "><subfield code="a">Sexual minority political refugees</subfield><subfield code="w">nne</subfield></datafield><datafield tag="550" ind1=" " ind2=" "><subfield code="w">g</subfield><subfield code="a">Political refugees</subfield></datafield><datafield tag="667" ind1=" " ind2=" "><subfield code="a">Main entry changed to a local heading in 2021 from Sexual minority political refugees to LGBTQ+ political refugees by jdc following pattern from Homosaurus and the Chicago History Museum. Original term added as former heading.</subfield></datafield><datafield tag="670" ind1=" " ind2=" "><subfield code="a">Work cat.: Envisioning LGBT refugee rights in Canada, 2015:</subfield><subfield code="b">p. 5 (LGBT asylum seekers and refugees; The terms lesbian, gay, bisexual, transgender (LGBT) are used throughout this project and are used by many activists and human rights workers internationally. Others may use "queer" or "sexual minorities" as umbrella words.) p. 6 (LGBT refugees) p. 10 (Canada acknowledges persecution on the grounds of sexual orientation and gender identity as grounds for refugee protection)</subfield></datafield><datafield tag="670" ind1=" " ind2=" "><subfield code="a">Envisioning LGBT refugee rights in Canada, 2012:</subfield><subfield code="b">title page (LGBT asylum seekers and refugees) p. 3 (LGBT asylum seekers; LGBT refugees)</subfield></datafield></record>