<record><leader>00809cz  a2200181n  4500</leader><controlfield tag="001">9881766360102441</controlfield><controlfield tag="005">20240401094420.0</controlfield><controlfield tag="008">050602i| anannbabn          |a ana     c</controlfield><datafield tag="010" ind1=" " ind2=" "><subfield code="a">sh2005020377</subfield></datafield><datafield tag="035" ind1=" " ind2=" "><subfield code="a">(DLC) sh2005020377</subfield></datafield><datafield tag="035" ind1=" " ind2=" "><subfield code="a">(LIBRARY_OF_CONGRESS)98169534720000041</subfield></datafield><datafield tag="040" ind1=" " ind2=" "><subfield code="a">WaU</subfield><subfield code="b">eng</subfield><subfield code="c">DLC</subfield><subfield code="d">WaU</subfield></datafield><datafield tag="053" ind1=" " ind2="0"><subfield code="a">LC2574</subfield><subfield code="b">LC2576</subfield></datafield><datafield tag="150" ind1=" " ind2="7"><subfield code="a">LGBTQ+ students</subfield><subfield code="2">nula</subfield></datafield><datafield tag="450" ind1=" " ind2=" "><subfield code="a">Sexual minority students</subfield><subfield code="w">nne</subfield></datafield><datafield tag="550" ind1=" " ind2=" "><subfield code="w">g</subfield><subfield code="a">Minority students</subfield></datafield><datafield tag="667" ind1=" " ind2=" "><subfield code="a">Main entry changed to a local heading in 2021 from Sexual minority students to LGBTQ+ students by jdc following pattern from Homosaurus. Original term added as former heading.</subfield></datafield><datafield tag="670" ind1=" " ind2=" "><subfield code="a">Work cat.: Bochenek, M. Hatred in the hallways : violence and discrimination against lesbian, gay, bisexual, and transgender students in U.S. schools, c2001.</subfield></datafield></record>