<record><leader>00734cz  a2200169n  4500</leader><controlfield tag="001">9881766360702441</controlfield><controlfield tag="005">20240401095236.0</controlfield><controlfield tag="008">061215i| anannbabn          |a ana      </controlfield><datafield tag="010" ind1=" " ind2=" "><subfield code="a">sh2006008258</subfield></datafield><datafield tag="035" ind1=" " ind2=" "><subfield code="a">(DLC) sh2006008258</subfield></datafield><datafield tag="035" ind1=" " ind2=" "><subfield code="a">(LIBRARY_OF_CONGRESS)98168813890000041</subfield></datafield><datafield tag="040" ind1=" " ind2=" "><subfield code="a">DLC</subfield><subfield code="b">eng</subfield><subfield code="c">DLC</subfield></datafield><datafield tag="150" ind1=" " ind2="7"><subfield code="a">Social work with LGBTQ+ people</subfield><subfield code="2">nula</subfield></datafield><datafield tag="450" ind1=" " ind2=" "><subfield code="a">Social work with sexual minorities</subfield><subfield code="w">nne</subfield></datafield><datafield tag="550" ind1=" " ind2=" "><subfield code="w">g</subfield><subfield code="a">Sexual minorities</subfield></datafield><datafield tag="667" ind1=" " ind2=" "><subfield code="a">Main entry changed to a local heading in 2021 from Social work with sexual minorities to Social work with LGBTQ+ people by jdc following pattern from Homosaurus. Original term added as former heading.</subfield></datafield><datafield tag="670" ind1=" " ind2=" "><subfield code="a">Work cat.: 2006038188: Hunter, S. Coming out and disclosures, c2007.</subfield></datafield></record>