<record><leader>01626cz  a2200169n  4500</leader><controlfield tag="001">9881766360802441</controlfield><controlfield tag="005">20240401095317.0</controlfield><controlfield tag="008">070712i| anannbabn          |a ana     c</controlfield><datafield tag="010" ind1=" " ind2=" "><subfield code="a">sh2007003100</subfield></datafield><datafield tag="035" ind1=" " ind2=" "><subfield code="a">(DLC) sh2007003100</subfield></datafield><datafield tag="035" ind1=" " ind2=" "><subfield code="a">(LIBRARY_OF_CONGRESS)98170409850000041</subfield></datafield><datafield tag="040" ind1=" " ind2=" "><subfield code="a">WaU</subfield><subfield code="b">eng</subfield><subfield code="c">DLC</subfield></datafield><datafield tag="150" ind1=" " ind2="7"><subfield code="a">Social work with LGBTQ+ youth</subfield><subfield code="2">nula</subfield></datafield><datafield tag="450" ind1=" " ind2=" "><subfield code="a">Social work with sexual minority youth</subfield><subfield code="w">nne</subfield></datafield><datafield tag="550" ind1=" " ind2=" "><subfield code="w">g</subfield><subfield code="a">Sexual minority youth</subfield></datafield><datafield tag="667" ind1=" " ind2=" "><subfield code="a">Main entry changed to a local heading in 2021 from Social work with sexual minority youth to Social work with LGBTQ+ youth by jdc following pattern from Homosaurus. Original term added as former heading.</subfield></datafield><datafield tag="670" ind1=" " ind2=" "><subfield code="a">Work cat.: Woronoff, R. Out of the margins : a report on regional listening forums highlighting the experiences of lesbian, gay, bisexual, transgender, and questioning youth in care, c2006:</subfield><subfield code="b">p. xi (building the capacity of the child welfare system to better meet the needs of LGBTQ young people in care) p. xii (LGBTQ youth may not be readily recognized by child welfare professionals) p. xvii (If LGBTQ youth in care are to be served competently and compassionately, staff and service providers throughout all levels of the child welfare system require comprehensive training on how to do so) p. 6 (an individual caseworker may hold strong negative religious beliefs or other personal biases against LGBTQ youth, but under no circumstances should those private views be permitted to interfere with that caseworker's responsibility to provide professional, respectful care to all young people, including those who are or may be perceived to be LGBTQ)</subfield></datafield></record>