<record><leader>01148cz  a2200181n  4500</leader><controlfield tag="001">9881766360902441</controlfield><controlfield tag="005">20240401095136.0</controlfield><controlfield tag="008">070712i| anannbabn          |a ana     c</controlfield><datafield tag="010" ind1=" " ind2=" "><subfield code="a">sh2007003507</subfield></datafield><datafield tag="035" ind1=" " ind2=" "><subfield code="a">(DLC) sh2007003507</subfield></datafield><datafield tag="035" ind1=" " ind2=" "><subfield code="a">(LIBRARY_OF_CONGRESS)98169812000000041</subfield></datafield><datafield tag="040" ind1=" " ind2=" "><subfield code="a">WaU</subfield><subfield code="b">eng</subfield><subfield code="c">DLC</subfield></datafield><datafield tag="150" ind1=" " ind2="7"><subfield code="a">Social work with older LGBTQ+ people</subfield><subfield code="2">nula</subfield></datafield><datafield tag="450" ind1=" " ind2=" "><subfield code="a">Social work with older sexual minorities</subfield><subfield code="w">nne</subfield></datafield><datafield tag="550" ind1=" " ind2=" "><subfield code="w">g</subfield><subfield code="a">Older sexual minorities</subfield></datafield><datafield tag="667" ind1=" " ind2=" "><subfield code="a">Main entry changed to a local heading in 2021 from Social work with older sexual minorities to Social work with older LGBTQ+ people by jdc following pattern from Homosaurus. Original term added as former heading.</subfield></datafield><datafield tag="670" ind1=" " ind2=" "><subfield code="a">Work cat.: Project Visibility, 2006.</subfield></datafield><datafield tag="670" ind1=" " ind2=" "><subfield code="a">Project Visibility home page, May 20, 2007</subfield><subfield code="b">(Project Visibility is a training program for administrators and staff of nursing homes, assisted living facilities, home care agencies, and other providers of services to older adults; Co-creating an aging services community that is informed, sensitive to, and supportive of Lesbian, Gay, Bisexual, and Transgender elders and their families; LGBT elders)</subfield></datafield></record>