<record><leader>00764nz  a2200181n  4500</leader><controlfield tag="001">9881766361202441</controlfield><controlfield tag="005">20240401085628.0</controlfield><controlfield tag="008">141014i| anannbabn          |a ana     c</controlfield><datafield tag="010" ind1=" " ind2=" "><subfield code="a">sh2014002555</subfield></datafield><datafield tag="035" ind1=" " ind2=" "><subfield code="a">(DLC)sh2014002555</subfield></datafield><datafield tag="035" ind1=" " ind2=" "><subfield code="a">(LIBRARY_OF_CONGRESS)983935512100041</subfield></datafield><datafield tag="040" ind1=" " ind2=" "><subfield code="a">VaVbRU</subfield><subfield code="b">eng</subfield><subfield code="c">DLC</subfield></datafield><datafield tag="150" ind1=" " ind2="7"><subfield code="a">Arab American LGBTQ+ people</subfield><subfield code="2">nula</subfield></datafield><datafield tag="450" ind1=" " ind2=" "><subfield code="a">Arab American sexual minorities</subfield><subfield code="w">nne</subfield></datafield><datafield tag="450" ind1=" " ind2=" "><subfield code="a">Sexual minorities, Arab American</subfield></datafield><datafield tag="550" ind1=" " ind2=" "><subfield code="w">g</subfield><subfield code="a">Sexual minorities</subfield><subfield code="z">United States</subfield></datafield><datafield tag="667" ind1=" " ind2=" "><subfield code="a">Main entry changed to a local heading in 2021 from Arab American sexual minorities to Arab American LGBTQ+ people by jdc following pattern from Homosaurus.</subfield></datafield><datafield tag="670" ind1=" " ind2=" "><subfield code="a">Work cat: Zaher, M. Experiences of Arab sexual minorities in the United States, 2013.</subfield></datafield></record>