<record><leader>00957cz  a2200193n  4500</leader><controlfield tag="001">9881766361502441</controlfield><controlfield tag="005">20240401090302.0</controlfield><controlfield tag="008">081028i| anannbabn          |a ana     c</controlfield><datafield tag="010" ind1=" " ind2=" "><subfield code="a">sh2008008424</subfield></datafield><datafield tag="035" ind1=" " ind2=" "><subfield code="a">(DLC) sh2008008424</subfield></datafield><datafield tag="035" ind1=" " ind2=" "><subfield code="a">(LIBRARY_OF_CONGRESS)98171227400000041</subfield></datafield><datafield tag="040" ind1=" " ind2=" "><subfield code="a">WaU</subfield><subfield code="b">eng</subfield><subfield code="c">DLC</subfield></datafield><datafield tag="150" ind1=" " ind2="7"><subfield code="a">Hispanic American LGBTQ+ people</subfield><subfield code="2">nula</subfield></datafield><datafield tag="450" ind1=" " ind2=" "><subfield code="a">Hispanic American sexual minorities</subfield><subfield code="w">nne</subfield></datafield><datafield tag="450" ind1=" " ind2=" "><subfield code="a">Latinx LGBTQ+ people</subfield></datafield><datafield tag="450" ind1=" " ind2=" "><subfield code="a">Sexual minorities, Hispanic American</subfield></datafield><datafield tag="550" ind1=" " ind2=" "><subfield code="w">g</subfield><subfield code="a">Sexual minorities</subfield><subfield code="z">United States</subfield></datafield><datafield tag="667" ind1=" " ind2=" "><subfield code="a">Main entry changed to a local heading in 2021 from Hispanic American sexual minorities to Hispanic American LGBTQ+ people by jdc following pattern from Homosaurus. Original term added as former heading. Homosaurus term Latinx LGBTQ+ people added as additional heading.</subfield></datafield><datafield tag="670" ind1=" " ind2=" "><subfield code="a">Work cat.: Tal como somos [VR] 2008:</subfield><subfield code="b">container (Latino GBT men and women; Latino and gay, bisexual, or transgender)</subfield></datafield></record>