<record><leader>00919cz  a2200217n  4500</leader><controlfield tag="001">9881766361702441</controlfield><controlfield tag="005">20240401090633.0</controlfield><controlfield tag="008">061204i| anannbabn          |a ana      </controlfield><datafield tag="010" ind1=" " ind2=" "><subfield code="a">sh2006008543</subfield></datafield><datafield tag="035" ind1=" " ind2=" "><subfield code="a">(DLC) sh2006008543</subfield></datafield><datafield tag="035" ind1=" " ind2=" "><subfield code="a">(LIBRARY_OF_CONGRESS)98168816060000041</subfield></datafield><datafield tag="040" ind1=" " ind2=" "><subfield code="a">DLC</subfield><subfield code="b">eng</subfield><subfield code="c">DLC</subfield></datafield><datafield tag="053" ind1=" " ind2="0"><subfield code="a">Z711.92.S49</subfield></datafield><datafield tag="150" ind1=" " ind2="7"><subfield code="a">Libraries and LGBTQ+ people</subfield><subfield code="2">nula</subfield></datafield><datafield tag="450" ind1=" " ind2=" "><subfield code="a">Libraries and sexual minorities</subfield><subfield code="w">nne</subfield></datafield><datafield tag="450" ind1=" " ind2=" "><subfield code="a">Library services to sexual minorities</subfield></datafield><datafield tag="450" ind1=" " ind2=" "><subfield code="a">Public libraries</subfield><subfield code="x">Services to sexual minorities</subfield></datafield><datafield tag="450" ind1=" " ind2=" "><subfield code="a">Sexual minorities and libraries</subfield></datafield><datafield tag="550" ind1=" " ind2=" "><subfield code="w">g</subfield><subfield code="a">Sexual minorities</subfield></datafield><datafield tag="667" ind1=" " ind2=" "><subfield code="a">Main entry changed to a local heading in 2021 from Libraries and sexual minorities to Libraries and LGBTQ+ people by jdc following Homosaurus pattern</subfield></datafield><datafield tag="670" ind1=" " ind2=" "><subfield code="a">Work cat.: 2006039469: Martin, Hillias J. Serving lesbian, gay, bisexual, transgender, and questioning teens, c2007.</subfield></datafield></record>