<record><leader>01048cz  a2200181n  4500</leader><controlfield tag="001">9881766361902441</controlfield><controlfield tag="005">20240329145125.0</controlfield><controlfield tag="008">041214i| anannbabn          |a ana     c</controlfield><datafield tag="010" ind1=" " ind2=" "><subfield code="a">sh2004011607</subfield></datafield><datafield tag="035" ind1=" " ind2=" "><subfield code="a">(DLC) sh2004011607</subfield></datafield><datafield tag="035" ind1=" " ind2=" "><subfield code="a">(LIBRARY_OF_CONGRESS)98171860370000041</subfield></datafield><datafield tag="040" ind1=" " ind2=" "><subfield code="a">WaU</subfield><subfield code="b">eng</subfield><subfield code="c">DLC</subfield></datafield><datafield tag="150" ind1=" " ind2="7"><subfield code="a">Parents of LGBTQ+ youth</subfield><subfield code="2">nula</subfield></datafield><datafield tag="450" ind1=" " ind2=" "><subfield code="a">Parents of sexual minority youth</subfield><subfield code="w">nne</subfield></datafield><datafield tag="550" ind1=" " ind2=" "><subfield code="w">g</subfield><subfield code="a">Sexual minority youth</subfield></datafield><datafield tag="667" ind1=" " ind2=" "><subfield code="a">Main entry changed to a local heading in 2021 from Parents of sexual minority youth to Parents of LGBTQ+ youth by jdc modeled on Homosaurus. Original term added as former heading.</subfield></datafield><datafield tag="670" ind1=" " ind2=" "><subfield code="a">Work cat.: Making sense, c2003:</subfield><subfield code="b">t.p. (parents, families, and friends of gay, lesbian, bisexual, and transgender young people) p. 2 (this booklet is written primarily for parents of gay, lesbian, bisexual, or transgender young people who live in Victoria)</subfield></datafield><datafield tag="670" ind1=" " ind2=" "><subfield code="a">LC database, Dec. 14, 2004</subfield><subfield code="b">(parent's guide to understanding your gay, lesbian, bisexual, transgendered, or questioning son or daughter)</subfield></datafield></record>