<record><leader>01124cz  a2200181n  4500</leader><controlfield tag="001">9881766362002441</controlfield><controlfield tag="005">20240401091758.0</controlfield><controlfield tag="008">101102i| anannbabn          |a ana     c</controlfield><datafield tag="010" ind1=" " ind2=" "><subfield code="a">sh2010014461</subfield></datafield><datafield tag="035" ind1=" " ind2=" "><subfield code="a">(DLC) sh2010014461</subfield></datafield><datafield tag="035" ind1=" " ind2=" "><subfield code="a">(LIBRARY_OF_CONGRESS)98169914320000041</subfield></datafield><datafield tag="040" ind1=" " ind2=" "><subfield code="a">WaU</subfield><subfield code="b">eng</subfield><subfield code="c">DLC</subfield></datafield><datafield tag="150" ind1=" " ind2="7"><subfield code="a">Police services for LGBTQ+ people</subfield><subfield code="2">nula</subfield></datafield><datafield tag="450" ind1=" " ind2=" "><subfield code="a">Police services for sexual minorities</subfield><subfield code="w">nne</subfield></datafield><datafield tag="450" ind1=" " ind2=" "><subfield code="a">Police social work with sexual minorities</subfield></datafield><datafield tag="550" ind1=" " ind2=" "><subfield code="w">g</subfield><subfield code="a">Sexual minorities</subfield></datafield><datafield tag="667" ind1=" " ind2=" "><subfield code="a">Main entry changed to a local heading in 2021 from Police services for sexual minorities to Police services for LGBTQ+ people by jdc following pattern from Homosaurus. Original term added as former heading.</subfield></datafield><datafield tag="670" ind1=" " ind2=" "><subfield code="a">Work cat.: Poláček, R. Joining forces to combat homophobic and transphobic hate crime : cooperation between police forces and LGBT organisations in Europe, 2010:</subfield><subfield code="b">p. 23 (support services for victims) p. 47 (establishing cooperation between police and all local agencies and organisations providing victim services) p. 60 (policing services for LGBT people)</subfield></datafield></record>