<record><leader>00740nz  a2200157n  4500</leader><controlfield tag="001">9881766362302441</controlfield><controlfield tag="005">20240401092128.0</controlfield><controlfield tag="008">121028 | anannbabn          |n ana     c</controlfield><datafield tag="010" ind1=" " ind2=" "><subfield code="a">sh2012004224</subfield></datafield><datafield tag="035" ind1=" " ind2=" "><subfield code="a">(DLC)sh2012004224</subfield></datafield><datafield tag="035" ind1=" " ind2=" "><subfield code="a">(LIBRARY_OF_CONGRESS)98188977120000041</subfield></datafield><datafield tag="040" ind1=" " ind2=" "><subfield code="a">WaU</subfield><subfield code="b">eng</subfield><subfield code="c">DLC</subfield></datafield><datafield tag="150" ind1=" " ind2="7"><subfield code="a">LGBTQ+ people in art</subfield><subfield code="2">nula</subfield></datafield><datafield tag="450" ind1=" " ind2=" "><subfield code="a">Sexual minorities in art</subfield><subfield code="w">nne</subfield></datafield><datafield tag="667" ind1=" " ind2=" "><subfield code="a">Main entry changed to a local heading in 2021 from Sexual minorities in art to LGBTQ+ people in art by jdc following pattern from Homosaurus. Original term added as former heading.</subfield></datafield><datafield tag="670" ind1=" " ind2=" "><subfield code="a">Work cat.: Prism Comics : your LGBT guide to comics, 2009-2010 ed.:</subfield><subfield code="b">cover (your guide to everything gay, lesbian, bisexual and transgendered in comics)</subfield></datafield></record>