<record><leader>01035cz  a2200169n  4500</leader><controlfield tag="001">9881766362402441</controlfield><controlfield tag="005">20240401092541.0</controlfield><controlfield tag="008">060828 | anannbabn          |n ana     c</controlfield><datafield tag="010" ind1=" " ind2=" "><subfield code="a">sh2006003915</subfield></datafield><datafield tag="035" ind1=" " ind2=" "><subfield code="a">(DLC) sh2006003915</subfield></datafield><datafield tag="035" ind1=" " ind2=" "><subfield code="a">(LIBRARY_OF_CONGRESS)98169028110000041</subfield></datafield><datafield tag="040" ind1=" " ind2=" "><subfield code="a">WaU</subfield><subfield code="b">eng</subfield><subfield code="c">DLC</subfield></datafield><datafield tag="150" ind1=" " ind2="7"><subfield code="a">LGBTQ+ people in literature</subfield><subfield code="2">nula</subfield></datafield><datafield tag="450" ind1=" " ind2=" "><subfield code="a">Sexual minorities in literature</subfield><subfield code="w">nne</subfield></datafield><datafield tag="667" ind1=" " ind2=" "><subfield code="a">Main entry changed to a local heading in 2021 from Sexual minorities in literature to LGBTQ+ people in literature by jdc following pattern from Homosaurus. Original term added as former heading.</subfield></datafield><datafield tag="670" ind1=" " ind2=" "><subfield code="a">Work cat.: Cahill, R.E. The relationship between political environment and size of a library's collection of GLBTQ fiction for young adults, 2004:</subfield><subfield code="b">PDF abstr. (young adult fiction ... with gay, lesbian, bisexual, transgender, or questioning (GLBTQ) characters)</subfield></datafield><datafield tag="670" ind1=" " ind2=" "><subfield code="a">OCLC, May 21, 2006</subfield><subfield code="b">(ti: Books involving lesbian, gay, bisexual, or transgender characters in public elementary school library media centers)</subfield></datafield></record>