<record><leader>00759nz  a2200181n  4500</leader><controlfield tag="001">9881766362502441</controlfield><controlfield tag="005">20240329151049.0</controlfield><controlfield tag="008">130403 | anannbabn          |a ana      </controlfield><datafield tag="010" ind1=" " ind2=" "><subfield code="a">sh2013000951</subfield></datafield><datafield tag="035" ind1=" " ind2=" "><subfield code="a">(DLC)sh2013000951</subfield></datafield><datafield tag="035" ind1=" " ind2=" "><subfield code="a">(LIBRARY_OF_CONGRESS)98206922710000041</subfield></datafield><datafield tag="040" ind1=" " ind2=" "><subfield code="a">DLC</subfield><subfield code="b">eng</subfield><subfield code="c">DLC</subfield></datafield><datafield tag="053" ind1=" " ind2="0"><subfield code="a">P96.S58</subfield><subfield code="b">P96.S582</subfield></datafield><datafield tag="150" ind1=" " ind2="7"><subfield code="a">LGBTQ+ people in mass media</subfield><subfield code="2">nula</subfield></datafield><datafield tag="450" ind1=" " ind2=" "><subfield code="a">Sexual minorities in mass media</subfield><subfield code="w">nne</subfield></datafield><datafield tag="550" ind1=" " ind2=" "><subfield code="w">g</subfield><subfield code="a">Mass media</subfield></datafield><datafield tag="667" ind1=" " ind2=" "><subfield code="a">Main entry changed to a local heading in 2021 from Sexual minorities in mass media to LGBTQ+ people in mass media by jdc following pattern from Homosaurus and the Chicago History Museum. Original term added as former heading.</subfield></datafield><datafield tag="670" ind1=" " ind2=" "><subfield code="a">Work cat.: 2013005758: Queer media images, 2013.</subfield></datafield></record>