<record><leader>01128nz  a2200169n  4500</leader><controlfield tag="001">9881766362602441</controlfield><controlfield tag="005">20240401093459.0</controlfield><controlfield tag="008">111129 | anannbabn          |a ana     c</controlfield><datafield tag="010" ind1=" " ind2=" "><subfield code="a">sh2011005494</subfield></datafield><datafield tag="035" ind1=" " ind2=" "><subfield code="a">(DLC)sh2011005494</subfield></datafield><datafield tag="035" ind1=" " ind2=" "><subfield code="a">(LIBRARY_OF_CONGRESS)98176471050000041</subfield></datafield><datafield tag="040" ind1=" " ind2=" "><subfield code="a">WaU</subfield><subfield code="b">eng</subfield><subfield code="c">DLC</subfield></datafield><datafield tag="150" ind1=" " ind2="7"><subfield code="a">LGBTQ+ people in motion pictures</subfield><subfield code="2">nula</subfield></datafield><datafield tag="450" ind1=" " ind2=" "><subfield code="a">Sexual minorities in motion pictures</subfield><subfield code="w">nne</subfield></datafield><datafield tag="550" ind1=" " ind2=" "><subfield code="w">g</subfield><subfield code="a">Motion pictures</subfield></datafield><datafield tag="667" ind1=" " ind2=" "><subfield code="a">Main entry changed to a local heading in 2021 from Sexual minorities in motion pictures to LGBTQ+ people in motion pictures by jdc following pattern from Homosaurus. Original term added as former heading.</subfield></datafield><datafield tag="670" ind1=" " ind2=" "><subfield code="a">Work cat.: June, J.L. Is it queer enough?, 2003:</subfield><subfield code="b">p. 5 (queer films) p. 13 (gay, lesbian, bisexual and transgender themed films and video; gay, lesbian, bisexual and transgender films; LGBT characters in film) p. 15 (lgbtq film) p. 16 (the requirements for consideration of work in relation to lgbtq content, characters, and filmmaker orientation; festivals require the work to have specifically lgbtq content and characters to be considered for exhibition)</subfield></datafield></record>