<record><leader>00790cz  a2200181n  4500</leader><controlfield tag="001">9881766362702441</controlfield><controlfield tag="005">20240401093537.0</controlfield><controlfield tag="008">070711 | anannbabn          |a ana     c</controlfield><datafield tag="010" ind1=" " ind2=" "><subfield code="a">sh2007005093</subfield></datafield><datafield tag="035" ind1=" " ind2=" "><subfield code="a">(DLC) sh2007005093</subfield></datafield><datafield tag="035" ind1=" " ind2=" "><subfield code="a">(LIBRARY_OF_CONGRESS)98169855210000041</subfield></datafield><datafield tag="040" ind1=" " ind2=" "><subfield code="a">WaU</subfield><subfield code="b">eng</subfield><subfield code="c">DLC</subfield></datafield><datafield tag="150" ind1=" " ind2="7"><subfield code="a">LGBTQ+ people on television</subfield><subfield code="2">nula</subfield></datafield><datafield tag="450" ind1=" " ind2=" "><subfield code="a">Sexual minorities on television</subfield><subfield code="w">nne</subfield></datafield><datafield tag="550" ind1=" " ind2=" "><subfield code="w">g</subfield><subfield code="a">Television</subfield></datafield><datafield tag="667" ind1=" " ind2=" "><subfield code="a">Main entry changed to a local heading in 2021 from Sexual minorities on television to LGBTQ people on television by jdc following pattern from Homosaurus. Original term added as former heading.</subfield></datafield><datafield tag="670" ind1=" " ind2=" "><subfield code="a">Work cat.: Further off the straight &amp; narrow, c2006.</subfield></datafield><datafield tag="680" ind1=" " ind2=" "><subfield code="i">Here are entered works on the portrayal of sexual minorities on television.</subfield></datafield></record>