<record><leader>01274cz  a2200205n  4500</leader><controlfield tag="001">9881766363002441</controlfield><controlfield tag="005">20240329152352.0</controlfield><controlfield tag="008">080818i| anannbabn          |a ana     c</controlfield><datafield tag="010" ind1=" " ind2=" "><subfield code="a">sh2008006443</subfield></datafield><datafield tag="035" ind1=" " ind2=" "><subfield code="a">(DLC) sh2008006443</subfield></datafield><datafield tag="035" ind1=" " ind2=" "><subfield code="a">(LIBRARY_OF_CONGRESS)98169096870000041</subfield></datafield><datafield tag="040" ind1=" " ind2=" "><subfield code="a">WaU</subfield><subfield code="b">eng</subfield><subfield code="c">DLC</subfield><subfield code="d">DLC</subfield></datafield><datafield tag="150" ind1=" " ind2="7"><subfield code="a">LGBTQ+ people's writings, American</subfield><subfield code="2">nula</subfield></datafield><datafield tag="450" ind1=" " ind2=" "><subfield code="a">Sexual minorities' writings, American</subfield><subfield code="w">nne</subfield></datafield><datafield tag="450" ind1=" " ind2=" "><subfield code="a">American sexual minorities' writings</subfield></datafield><datafield tag="550" ind1=" " ind2=" "><subfield code="w">g</subfield><subfield code="a">American literature</subfield></datafield><datafield tag="667" ind1=" " ind2=" "><subfield code="a">Main entry changed to a local heading in 2021 from Sexual minorities' writings, American to LGBTQ people's writings, American by jdc following pattern from Homosaurus and the Chicago History Museum. Original term added as former heading.</subfield></datafield><datafield tag="670" ind1=" " ind2=" "><subfield code="a">Work cat.: First person queer, c2007:</subfield><subfield code="b">p. 4 of cover (anthology of nonfiction essays ... of queer (gay/lesbian/bisexual/trans) experience)</subfield></datafield><datafield tag="670" ind1=" " ind2=" "><subfield code="a">Bound by diversity, c1994:</subfield><subfield code="b">t.p. (essays, prose, photography, and poetry by members of the lesbian, bisexual, gay, and transgender communities)</subfield></datafield><datafield tag="670" ind1=" " ind2=" "><subfield code="a">See what goes on behind my masks, c2003:</subfield><subfield code="b">t.p. (writing by young people at Lambert House, a resource center for lesbian, gay, bisexual, transgender, and questioning youth, and their allies)</subfield></datafield></record>