<record><leader>01183nz  a2200193n  4500</leader><controlfield tag="001">9881770115902441</controlfield><controlfield tag="005">20240329152903.0</controlfield><controlfield tag="008">190517i| anznnbabn          |a ana     c</controlfield><datafield tag="010" ind1=" " ind2=" "><subfield code="a">sh2019004561</subfield></datafield><datafield tag="035" ind1=" " ind2=" "><subfield code="a">(DLC)sh2019004561</subfield></datafield><datafield tag="035" ind1=" " ind2=" "><subfield code="a">(LIBRARY_OF_CONGRESS)9812295309700041</subfield></datafield><datafield tag="040" ind1=" " ind2=" "><subfield code="a">WaU</subfield><subfield code="b">eng</subfield><subfield code="c">DLC</subfield></datafield><datafield tag="150" ind1=" " ind2="7"><subfield code="a">Rural LGBTQ+ people</subfield><subfield code="2">nula</subfield></datafield><datafield tag="450" ind1=" " ind2=" "><subfield code="a">Rural sexual minorities</subfield><subfield code="w">nne</subfield></datafield><datafield tag="550" ind1=" " ind2=" "><subfield code="w">g</subfield><subfield code="a">Sexual minorities</subfield></datafield><datafield tag="667" ind1=" " ind2=" "><subfield code="a">Main entry changed to a local heading in 2021 from Rural sexual minorities to Rural LGBTQ people by jdc modeled on Homosaurus. LCSH retained in record.</subfield></datafield><datafield tag="670" ind1=" " ind2=" "><subfield code="a">Work cat.: Where we call home : LGBT people in rural America, 2019:</subfield><subfield code="b">p. iii (LGBT people in rural areas; LGBT people living in rural communities; National surveys of rural areas show that between 3% and 5% of the rural population identifies as LGBT)</subfield></datafield><datafield tag="670" ind1=" " ind2=" "><subfield code="a">Boso, L.A. Urban bias, rural sexual minorities, and the courts, 2013, via eScholarship.org, viewed May 17, 2019.</subfield></datafield></record>