<record><leader>00908cz  a2200181n  4500</leader><controlfield tag="001">9881831371102441</controlfield><controlfield tag="005">20240329152335.0</controlfield><controlfield tag="008">080818i| anznnbabn          |a ana     c</controlfield><datafield tag="010" ind1=" " ind2=" "><subfield code="a">sh2008006444</subfield></datafield><datafield tag="035" ind1=" " ind2=" "><subfield code="a">(DLC) sh2008006444</subfield></datafield><datafield tag="035" ind1=" " ind2=" "><subfield code="a">(LIBRARY_OF_CONGRESS)98169096910000041</subfield></datafield><datafield tag="040" ind1=" " ind2=" "><subfield code="a">WaU</subfield><subfield code="b">eng</subfield><subfield code="c">DLC</subfield><subfield code="d">DLC</subfield></datafield><datafield tag="150" ind1=" " ind2="7"><subfield code="a">LGBTQ+ people's writings, Canadian</subfield><subfield code="2">nula</subfield></datafield><datafield tag="450" ind1=" " ind2=" "><subfield code="a">Canadian sexual minorities' writings</subfield></datafield><datafield tag="450" ind1=" " ind2=" "><subfield code="a">Sexual minorities' writings, Canadian</subfield><subfield code="w">nne</subfield></datafield><datafield tag="550" ind1=" " ind2=" "><subfield code="w">g</subfield><subfield code="a">Canadian literature</subfield></datafield><datafield tag="670" ind1=" " ind2=" "><subfield code="a">Work cat.: First person queer, c2007:</subfield><subfield code="b">p. 4 of cover (anthology of nonfiction essays ... of queer (gay/lesbian/bisexual/trans) experience)</subfield></datafield><datafield tag="667" ind1=" " ind2=" "><subfield code="a">Main entry changed to a local heading in 2021 from Canadian sexual minorities' writings to LGBTQ+ people's writings, Canadian by jdc following pattern from Homosaurus and the Chicago History Museum. Original term added as former heading.</subfield></datafield></record>