<record><leader>00876nz  a2200181n  4500</leader><controlfield tag="001">9881949290702441</controlfield><controlfield tag="005">20240329152344.0</controlfield><controlfield tag="008">210517i| anznnbabn          |a ana      </controlfield><datafield tag="010" ind1=" " ind2=" "><subfield code="a">sh2021004090</subfield></datafield><datafield tag="035" ind1=" " ind2=" "><subfield code="a">(DLC)sh2021004090</subfield></datafield><datafield tag="035" ind1=" " ind2=" "><subfield code="a">(LIBRARY_OF_CONGRESS)9818765972900041</subfield></datafield><datafield tag="040" ind1=" " ind2=" "><subfield code="a">DLC</subfield><subfield code="b">eng</subfield><subfield code="c">DLC</subfield></datafield><datafield tag="150" ind1=" " ind2="7"><subfield code="a">LGBTQ+ people's writings, Brazilian</subfield><subfield code="2">nula</subfield></datafield><datafield tag="450" ind1=" " ind2=" "><subfield code="a">Brazilian sexual minorities' writings</subfield></datafield><datafield tag="450" ind1=" " ind2=" "><subfield code="a">Sexual minorities' writings, Brazilian</subfield><subfield code="w">nne</subfield></datafield><datafield tag="550" ind1=" " ind2=" "><subfield code="w">g</subfield><subfield code="a">Brazilian literature</subfield></datafield><datafield tag="670" ind1=" " ind2=" "><subfield code="a">Work cat: Cuíer, 2021:</subfield><subfield code="b">ECIP data view ("assortment of fiction, poetry, nonfiction, and photography, legendary and pioneering queer writers" from Brazil)</subfield><subfield code="w">(DLC)2021015339</subfield></datafield><datafield tag="667" ind1=" " ind2=" "><subfield code="a">Main entry changed to a local heading in 2021 from Sexual minorities' writings, Brazilian to LGBTQ+ people's writings, Brazilian by jdc according to Homosaurus pattern.</subfield></datafield></record>