<record><leader>01410nz  a2200193n  4500</leader><controlfield tag="001">9882116194902441</controlfield><controlfield tag="005">20240329153335.0</controlfield><controlfield tag="008">220303i| anznnbabn          |a ana     |</controlfield><datafield tag="010" ind1=" " ind2=" "><subfield code="a">sh2022005590</subfield></datafield><datafield tag="035" ind1=" " ind2=" "><subfield code="a">(DLC)sh2022005590</subfield></datafield><datafield tag="035" ind1=" " ind2=" "><subfield code="a">(LIBRARY_OF_CONGRESS)9822993151800041</subfield></datafield><datafield tag="040" ind1=" " ind2=" "><subfield code="a">DLC</subfield><subfield code="b">eng</subfield><subfield code="c">DLC</subfield></datafield><datafield tag="150" ind1=" " ind2="7"><subfield code="a">LGBTQ+ people in popular culture</subfield><subfield code="2">nula</subfield></datafield><datafield tag="450" ind1=" " ind2=" "><subfield code="a">Sexual minorities in popular culture</subfield><subfield code="w">nne</subfield></datafield><datafield tag="550" ind1=" " ind2=" "><subfield code="w">g</subfield><subfield code="a">Popular culture</subfield></datafield><datafield tag="670" ind1=" " ind2=" "><subfield code="a">Work cat: Fawaz, R. Queer forms, 2022:</subfield><subfield code="b">galley ( ...the most powerful uses of feminist and queer forms in the rich cultural experiments that emerged out of 1970s women's and gay liberation movements. Starting in the late 1960s, these movements sought to develop concepts for describing and doing justice to alternative expressions of gender and sexuality, while also fomenting a cultural revolution to disseminate more open-ended understandings of these same categories; because they represented the most sustained attempt to expand the feminist and queer formal possibilities of US popular culture in the late twentieth-century)</subfield><subfield code="w">(DLC)2021057757</subfield></datafield><datafield tag="680" ind1=" " ind2=" "><subfield code="i">Here are entered works on the representation of LGBTQ people in popular culture.</subfield></datafield><datafield tag="688" ind1=" " ind2=" "><subfield code="a">Established May 2022.</subfield></datafield><datafield tag="667" ind1=" " ind2=" "><subfield code="a">Main entry changed to a local heading in 2021 from Sexual minorities in popular culture to LGBTQ+ people in popular culture by jdc according to Homosaurus pattern.</subfield></datafield></record>