<record><leader>03030nz  a2200241n  4500</leader><controlfield tag="001">9882235454402441</controlfield><controlfield tag="005">20240401094159.0</controlfield><controlfield tag="008">191213i| anznnbabn          |a ana     c</controlfield><datafield tag="010" ind1=" " ind2=" "><subfield code="a">sh2019103558</subfield></datafield><datafield tag="035" ind1=" " ind2=" "><subfield code="a">(DLC)sh2019103558</subfield></datafield><datafield tag="035" ind1=" " ind2=" "><subfield code="a">(LIBRARY_OF_CONGRESS)9814499899800041</subfield></datafield><datafield tag="040" ind1=" " ind2=" "><subfield code="a">WaU</subfield><subfield code="b">eng</subfield><subfield code="c">DLC</subfield></datafield><datafield tag="053" ind1=" " ind2="0"><subfield code="a">HQ73.7</subfield><subfield code="b">HQ73.73</subfield></datafield><datafield tag="150" ind1=" " ind2="7"><subfield code="a">LGBTQ+ political candidates</subfield><subfield code="2">nula</subfield></datafield><datafield tag="450" ind1=" " ind2=" "><subfield code="a">Sexual minority political candidates</subfield><subfield code="w">nne</subfield></datafield><datafield tag="550" ind1=" " ind2=" "><subfield code="w">g</subfield><subfield code="a">Political candidates</subfield></datafield><datafield tag="670" ind1=" " ind2=" "><subfield code="a">Work cat.: LGBTQ+ politics and political candidates Web archive, viewed Dec. 13, 2019:</subfield><subfield code="b">About this collection (The LGBTQ+ politics and political candidates Web archive captures digital content related to LBGTQ+ political candidates and political issues and topics at various levels of government, with a focus on lesser-known local and state politics. This archive preserves a representative sample of what is being called "The Rainbow Wave," which refers to the previously unprecedented number of LGBTQ+ identified candidates openly running for office.)</subfield></datafield><datafield tag="670" ind1=" " ind2=" "><subfield code="a">Haider-Markel, D.P. Out and running : gay and lesbian candidates, elections, and policy representation, ©2010:</subfield><subfield code="b">contents (Assessing the role of sexual orientation in elections : LGBT state legislative candidates, 1992-2006)</subfield></datafield><datafield tag="670" ind1=" " ind2=" "><subfield code="a">Why it's significant that a record number of LGBTQ candidates are running for office, via NPR website, posted Oct. 16, 2018, accessed Dec. 13, 2019:</subfield><subfield code="b">transcript (LGBTQ candidates; openly LGBTQ people on the ballot; queer candidates)</subfield></datafield><datafield tag="670" ind1=" " ind2=" "><subfield code="a">"Rainbow wave" leads to more LGBT officials, in The record (Bergen County, N.J.), June 17, 2019, viewed online via Gale general onefile database, Dec. 13, 2019</subfield><subfield code="b">(queer candidates; LGBTQ candidates; out candidates; gay, lesbian, bisexual and transgender candidates)</subfield></datafield><datafield tag="670" ind1=" " ind2=" "><subfield code="a">ProQuest database search, Dec. 13, 2019</subfield><subfield code="b">(titles: LGBT candidates find favor in S.L.; Victory Fund endorses largest slate of LGBT candidates ever; How LGBT candidates won so big on election night; Where did all the Republican LGBT candidates go?; 8 LGBT candidates seek seats in Legislature; Rise and rise of LGBT candidates in Nepal; Victory Fund endorses 16 more LGBTQ candidates for 2018, including two historic statewide candidates; Record number of LGBTQ candidates seeking House seats; Texas women, LGBTQ candidates advance in primaries; The year LGBTQ candidates came out; LGBTQ candidates offer empathy for voters; LGBTQ candidates hope to bring diversity to state, local government; In Oklahoma, GLBT candidates face fear, bigotry and sabotage)</subfield></datafield><datafield tag="670" ind1=" " ind2=" "><subfield code="a">Magni, G. Voter preferences and the political underrepresentation of minority groups, 2019, via WWW, Dec. 13, 2019:</subfield><subfield code="b">t.p. (LGBTQ candidates) p. 1 (gay, lesbian, bisexual and transgender candidates for public office) pp. 8-9 (LGBT candidates; sexual minority candidates)</subfield></datafield><datafield tag="667" ind1=" " ind2=" "><subfield code="a">Main entry changed to a local heading in 2021 from Sexual minority political candidates to LGBTQ+ political candidates by jdc according to Homosaurus.</subfield></datafield></record>