<record><leader>00699nz  a2200181n  4500</leader><controlfield tag="001">9882388069102441</controlfield><controlfield tag="005">20240401095425.0</controlfield><controlfield tag="008">110302i| anznnbabn          |a ana      </controlfield><datafield tag="010" ind1=" " ind2=" "><subfield code="a">sh2011000975</subfield></datafield><datafield tag="035" ind1=" " ind2=" "><subfield code="a">(DLC)sh2011000975</subfield></datafield><datafield tag="035" ind1=" " ind2=" "><subfield code="a">(LIBRARY_OF_CONGRESS)98174485560000041</subfield></datafield><datafield tag="040" ind1=" " ind2=" "><subfield code="a">DLC</subfield><subfield code="b">eng</subfield><subfield code="c">DLC</subfield></datafield><datafield tag="150" ind1=" " ind2="7"><subfield code="a">LGBTQ+ Unitarians</subfield><subfield code="2">nula</subfield></datafield><datafield tag="450" ind1=" " ind2=" "><subfield code="a">Unitarian Universalist sexual minorities</subfield><subfield code="w">nne</subfield></datafield><datafield tag="550" ind1=" " ind2=" "><subfield code="w">g</subfield><subfield code="a">Sexual minorities</subfield></datafield><datafield tag="550" ind1=" " ind2=" "><subfield code="w">g</subfield><subfield code="a">Unitarian Universalists</subfield></datafield><datafield tag="670" ind1=" " ind2=" "><subfield code="a">Work cat.: 2011007043: Coming out in faith, c2011.</subfield></datafield><datafield tag="667" ind1=" " ind2=" "><subfield code="a">Main entry changed to a local heading in 2021 from Unitarian Universalist sexual minorities to LGBTQ+ Unitarians by jdc following Homosaurus pattern</subfield></datafield></record>