<record><leader>00727nz  a2200181n  4500</leader><controlfield tag="001">9882388069202441</controlfield><controlfield tag="005">20240401094841.0</controlfield><controlfield tag="008">191231i| anznnbabn          |a ana      </controlfield><datafield tag="010" ind1=" " ind2=" "><subfield code="a">sh2019103650</subfield></datafield><datafield tag="035" ind1=" " ind2=" "><subfield code="a">(DLC)sh2019103650</subfield></datafield><datafield tag="035" ind1=" " ind2=" "><subfield code="a">(LIBRARY_OF_CONGRESS)9814597282000041</subfield></datafield><datafield tag="040" ind1=" " ind2=" "><subfield code="a">DLC</subfield><subfield code="b">eng</subfield><subfield code="c">DLC</subfield></datafield><datafield tag="150" ind1=" " ind2="7"><subfield code="a">LGBTQ+ disabled youth</subfield><subfield code="2">nula</subfield></datafield><datafield tag="450" ind1=" " ind2=" "><subfield code="a">Sexual minority youth with disabilities</subfield><subfield code="w">nne</subfield></datafield><datafield tag="550" ind1=" " ind2=" "><subfield code="w">g</subfield><subfield code="a">Sexual minorities with disabilities</subfield></datafield><datafield tag="550" ind1=" " ind2=" "><subfield code="w">g</subfield><subfield code="a">Youth with disabilities</subfield></datafield><datafield tag="670" ind1=" " ind2=" "><subfield code="a">Work cat: 2019052862: Young, disabled and LGBT+, 2020.</subfield></datafield><datafield tag="667" ind1=" " ind2=" "><subfield code="a">Main entry changed to a local heading in 2021 from Sexual minority youth with disabilities to LGBTQ+ disabled youth by Name following Homosaurus pattern</subfield></datafield></record>