<record><leader>01294cz  a2200229n  4500</leader><controlfield tag="001">9882388069302441</controlfield><controlfield tag="005">20240401094637.0</controlfield><controlfield tag="008">090814i| anznnbabn          |a ana     c</controlfield><datafield tag="010" ind1=" " ind2=" "><subfield code="a">sh2009007614</subfield></datafield><datafield tag="035" ind1=" " ind2=" "><subfield code="a">(DLC) sh2009007614</subfield></datafield><datafield tag="035" ind1=" " ind2=" "><subfield code="a">(LIBRARY_OF_CONGRESS)98169163550000041</subfield></datafield><datafield tag="040" ind1=" " ind2=" "><subfield code="a">WaU</subfield><subfield code="b">eng</subfield><subfield code="c">DLC</subfield></datafield><datafield tag="150" ind1=" " ind2="7"><subfield code="a">LGBTQ+ women</subfield><subfield code="2">nula</subfield></datafield><datafield tag="450" ind1=" " ind2=" "><subfield code="a">Female sexual minorities</subfield></datafield><datafield tag="450" ind1=" " ind2=" "><subfield code="a">Women sexual minorities</subfield></datafield><datafield tag="450" ind1=" " ind2=" "><subfield code="a">Sexual minority women</subfield><subfield code="w">nne</subfield></datafield><datafield tag="550" ind1=" " ind2=" "><subfield code="w">g</subfield><subfield code="a">Sexual minorities</subfield></datafield><datafield tag="550" ind1=" " ind2=" "><subfield code="w">g</subfield><subfield code="a">Women</subfield></datafield><datafield tag="670" ind1=" " ind2=" "><subfield code="a">Work cat.: Lehavot, K. Abuse, mastery, and health among lesbian, bisexual, and two-spirit American Indian and Alaska Native women, 2007.</subfield></datafield><datafield tag="670" ind1=" " ind2=" "><subfield code="a">Mental health issues for sexual minority women, 2003.</subfield></datafield><datafield tag="670" ind1=" " ind2=" "><subfield code="a">OCLC, Aug. 13, 2009</subfield><subfield code="b">(titles: Passionate friendships among adolescent sexual-minority women; Feasibility study of a computer-based intervention to enhance emotion regulation in a sample of sexual minority women; Trauma, stress, and resilience among sexual minority women; Minority stress, resilience, and sexual functioning in sexual-minority women; Predictors of sexual minority women's career commitment)</subfield></datafield><datafield tag="667" ind1=" " ind2=" "><subfield code="a">Main entry changed to a local heading in 2021 from Sexual minority women to LGBTQ+ women by jdc following Homosaurus pattern</subfield></datafield></record>