<record><leader>00934nz  a2200169n  4500</leader><controlfield tag="001">9882388069402441</controlfield><controlfield tag="005">20240401100641.0</controlfield><controlfield tag="008">201120i| anznnbabn          |a ana      </controlfield><datafield tag="010" ind1=" " ind2=" "><subfield code="a">sh2020010506</subfield></datafield><datafield tag="035" ind1=" " ind2=" "><subfield code="a">(DLC)sh2020010506</subfield></datafield><datafield tag="035" ind1=" " ind2=" "><subfield code="a">(LIBRARY_OF_CONGRESS)9817808992300041</subfield></datafield><datafield tag="040" ind1=" " ind2=" "><subfield code="a">DLC</subfield><subfield code="b">eng</subfield><subfield code="c">DLC</subfield></datafield><datafield tag="150" ind1=" " ind2="7"><subfield code="a">LGBTQ+ teachers</subfield><subfield code="2">nula</subfield></datafield><datafield tag="450" ind1=" " ind2=" "><subfield code="a">Sexual minority teachers</subfield><subfield code="w">nne</subfield></datafield><datafield tag="550" ind1=" " ind2=" "><subfield code="w">g</subfield><subfield code="a">Teachers</subfield></datafield><datafield tag="670" ind1=" " ind2=" "><subfield code="a">Work cat.: Big gay adventures in education, 2021:</subfield><subfield code="b">CIP summary (a collection of true stories by 'out' teachers, and students of 'out' teachers, all about their experiences in schools; aims to empower LGBT+ teachers to be the role models they needed when they were in school and help all teachers and school leaders to promote LGBT+ visibility and inclusion)</subfield><subfield code="w">(DLC)2020038924</subfield></datafield><datafield tag="667" ind1=" " ind2=" "><subfield code="a">Main entry changed to a local heading in 2021 from Sexual minority teachers to LGBTQ+ teachers by jdc following Homosaurus pattern</subfield></datafield></record>