<record><leader>00829cz  a2200169n  4500</leader><controlfield tag="001">9882388069502441</controlfield><controlfield tag="005">20240401094353.0</controlfield><controlfield tag="008">070712i| anznnbabn          |a ana     c</controlfield><datafield tag="010" ind1=" " ind2=" "><subfield code="a">sh2007001345</subfield></datafield><datafield tag="035" ind1=" " ind2=" "><subfield code="a">(DLC) sh2007001345</subfield></datafield><datafield tag="035" ind1=" " ind2=" "><subfield code="a">(LIBRARY_OF_CONGRESS)98169122510000041</subfield></datafield><datafield tag="040" ind1=" " ind2=" "><subfield code="a">WaU</subfield><subfield code="b">eng</subfield><subfield code="c">DLC</subfield></datafield><datafield tag="150" ind1=" " ind2="7"><subfield code="a">LGBTQ+ religious leaders</subfield><subfield code="2">nula</subfield></datafield><datafield tag="450" ind1=" " ind2=" "><subfield code="a">Sexual minority religious leaders</subfield><subfield code="w">nne</subfield></datafield><datafield tag="550" ind1=" " ind2=" "><subfield code="w">g</subfield><subfield code="a">Religious leaders</subfield></datafield><datafield tag="670" ind1=" " ind2=" "><subfield code="a">Work cat.: The Lesbian, Gay, Bisexual, and Transgender Religious Archives Network, via WWW, Feb. 28, 2007:</subfield><subfield code="b">home page (leaders in religious movements for justice for LGBT persons) oral history page (LGBT religious leaders)</subfield></datafield><datafield tag="667" ind1=" " ind2=" "><subfield code="a">Main entry changed to a local heading in 2021 from Sexual minority religious leaders to LGBTQ+ religious leaders by jdc following Homosaurus pattern</subfield></datafield></record>