<record><leader>00985nz  a2200181n  4500</leader><controlfield tag="001">9882388069602441</controlfield><controlfield tag="005">20240401094307.0</controlfield><controlfield tag="008">150214i| anznnbabn          |a ana     c</controlfield><datafield tag="010" ind1=" " ind2=" "><subfield code="a">sh2015000367</subfield></datafield><datafield tag="035" ind1=" " ind2=" "><subfield code="a">(DLC)sh2015000367</subfield></datafield><datafield tag="035" ind1=" " ind2=" "><subfield code="a">(LIBRARY_OF_CONGRESS)984137547000041</subfield></datafield><datafield tag="040" ind1=" " ind2=" "><subfield code="a">WaU</subfield><subfield code="b">eng</subfield><subfield code="c">DLC</subfield></datafield><datafield tag="150" ind1=" " ind2="7"><subfield code="a">LGBTQ+ public officers</subfield><subfield code="2">nula</subfield></datafield><datafield tag="450" ind1=" " ind2=" "><subfield code="a">Sexual minority public officers</subfield><subfield code="w">nne</subfield></datafield><datafield tag="550" ind1=" " ind2=" "><subfield code="w">g</subfield><subfield code="a">Public officers</subfield></datafield><datafield tag="670" ind1=" " ind2=" "><subfield code="a">Work cat.: Schlittler, R. Out and elected in the USA: 1974-2004, via WWW, Feb. 14, 2015</subfield><subfield code="b">home page (openly lesbian, gay, bisexual, or transgender individuals elected to public office in the US)</subfield></datafield><datafield tag="670" ind1=" " ind2=" "><subfield code="a">List of the first LGBT holders of political offices, via Wikipedia, Feb. 14, 2015</subfield><subfield code="b">(list of political offices which have been held by a lesbian, gay, bisexual or transgender person)</subfield></datafield><datafield tag="667" ind1=" " ind2=" "><subfield code="a">Main entry changed to a local heading in 2021 from Sexual minority public officers to LGBTQ+ public officers by jdc following Homosaurus pattern</subfield></datafield></record>