<record><leader>00742nz  a2200205n  4500</leader><controlfield tag="001">9882388069702441</controlfield><controlfield tag="005">20240401094135.0</controlfield><controlfield tag="008">140806i| anznnbabn          |a ana     c</controlfield><datafield tag="010" ind1=" " ind2=" "><subfield code="a">sh2014001993</subfield></datafield><datafield tag="035" ind1=" " ind2=" "><subfield code="a">(DLC)sh2014001993</subfield></datafield><datafield tag="035" ind1=" " ind2=" "><subfield code="a">(LIBRARY_OF_CONGRESS)983784652500041</subfield></datafield><datafield tag="040" ind1=" " ind2=" "><subfield code="a">CU-A</subfield><subfield code="b">eng</subfield><subfield code="c">DLC</subfield></datafield><datafield tag="150" ind1=" " ind2="7"><subfield code="a">LGBTQ+ men</subfield><subfield code="2">nula</subfield></datafield><datafield tag="450" ind1=" " ind2=" "><subfield code="a">Male sexual minorities</subfield></datafield><datafield tag="450" ind1=" " ind2=" "><subfield code="a">Men sexual minorities</subfield></datafield><datafield tag="450" ind1=" " ind2=" "><subfield code="a">Sexual minority men</subfield><subfield code="w">nne</subfield></datafield><datafield tag="550" ind1=" " ind2=" "><subfield code="w">g</subfield><subfield code="a">Men</subfield></datafield><datafield tag="550" ind1=" " ind2=" "><subfield code="w">g</subfield><subfield code="a">Sexual minorities</subfield></datafield><datafield tag="670" ind1=" " ind2=" "><subfield code="a">Work cat: Graham, L. F. Examining the psychosocial health of black sexual minority men, 2010.</subfield></datafield><datafield tag="667" ind1=" " ind2=" "><subfield code="a">Main entry changed to a local heading in 2021 from Sexual minority men to LGBTQ+ men by jdc following Homosaurus pattern</subfield></datafield></record>