<record><leader>01742cz  a2200205n  4500</leader><controlfield tag="001">9882388069802441</controlfield><controlfield tag="005">20240401094044.0</controlfield><controlfield tag="008">070907i| anznnbabn          |a ana     c</controlfield><datafield tag="010" ind1=" " ind2=" "><subfield code="a">sh2007007470</subfield></datafield><datafield tag="035" ind1=" " ind2=" "><subfield code="a">(DLC) sh2007007470</subfield></datafield><datafield tag="035" ind1=" " ind2=" "><subfield code="a">(LIBRARY_OF_CONGRESS)98170855540000041</subfield></datafield><datafield tag="040" ind1=" " ind2=" "><subfield code="a">TXU</subfield><subfield code="b">eng</subfield><subfield code="c">DLC</subfield></datafield><datafield tag="150" ind1=" " ind2="7"><subfield code="a">LGBTQ+ consumers</subfield><subfield code="2">nula</subfield></datafield><datafield tag="450" ind1=" " ind2=" "><subfield code="a">Sexual minority consumers</subfield><subfield code="w">nne</subfield></datafield><datafield tag="550" ind1=" " ind2=" "><subfield code="w">g</subfield><subfield code="a">Minority consumers</subfield></datafield><datafield tag="670" ind1=" " ind2=" "><subfield code="a">Work cat.: What does it mean to be gay in American consumer culture?, 2006:</subfield><subfield code="b">p. vi (GLBT-identified consumers; how sexual and gender minorities interact with ambiguous gay window and explicit out-of-closet commercials) p. 284 (the increasingly used acronym GLBT in the communities ... considered as less controversial than the terms "queer" or "lesbigay" and is more comprehensive than gay or homosexual)</subfield></datafield><datafield tag="670" ind1=" " ind2=" "><subfield code="a">Handbook of lesbian and gay studies, 2002:</subfield><subfield code="b">p. 448 (the pink economy; queer consumption; lesbian and gay consumption)</subfield></datafield><datafield tag="670" ind1=" " ind2=" "><subfield code="a">Google search, Sept. 6, 2007:</subfield><subfield code="b">Cultural Diversity Series: Meeting the Mental Health Needs of Gay, Lesbian,Bisexual and Transgender Persons, p. 1 (gay, lesbian, bisexual and transgender consumers; GLBT consumers; people who are gay, lesbian, bisexual and transgender (GLBT) represent a substantial minority of the U.S. population)</subfield></datafield><datafield tag="670" ind1=" " ind2=" "><subfield code="a">GLBTQ, an encyclopedia of gay, lesbian, bisexual, transgender and queer culture, viewed Sept. 6, 2007:</subfield><subfield code="b">Art--Advertising and consumerism (glbtq people as consumers; glbtq consumerism; lesbian, gay, bisexual, transgender, and queer identities as consumer identities)</subfield></datafield><datafield tag="667" ind1=" " ind2=" "><subfield code="a">Main entry changed to a local heading in 2021 from Sexual minority consumers to LGBTQ+ consumers by jdc following Homosaurus pattern</subfield></datafield></record>