<record><leader>00680nz  a2200169n  4500</leader><controlfield tag="001">9882388069902441</controlfield><controlfield tag="005">20240401093945.0</controlfield><controlfield tag="008">130307i| anznnbabn          |a ana     c</controlfield><datafield tag="010" ind1=" " ind2=" "><subfield code="a">sh2013000651</subfield></datafield><datafield tag="035" ind1=" " ind2=" "><subfield code="a">(DLC)sh2013000651</subfield></datafield><datafield tag="035" ind1=" " ind2=" "><subfield code="a">(LIBRARY_OF_CONGRESS)983157932100041</subfield></datafield><datafield tag="040" ind1=" " ind2=" "><subfield code="a">TNJ</subfield><subfield code="b">eng</subfield><subfield code="c">DLC</subfield></datafield><datafield tag="150" ind1=" " ind2="7"><subfield code="a">LGBTQ+ college athletes</subfield><subfield code="2">nula</subfield></datafield><datafield tag="450" ind1=" " ind2=" "><subfield code="a">Sexual minority college athletes</subfield><subfield code="w">nne</subfield></datafield><datafield tag="550" ind1=" " ind2=" "><subfield code="w">g</subfield><subfield code="a">College athletes</subfield></datafield><datafield tag="670" ind1=" " ind2=" "><subfield code="a">Work cat: Campus pride 2012 LGBTQ national college athlete report, c2012.</subfield></datafield><datafield tag="667" ind1=" " ind2=" "><subfield code="a">Main entry changed to a local heading in 2021 from Sexual minority college athletes heading to LGBTQ+ college athletes by jdc following Homosaurus pattern</subfield></datafield></record>