<record><leader>01503cz  a2200205n  4500</leader><controlfield tag="001">9882388070002441</controlfield><controlfield tag="005">20240401093836.0</controlfield><controlfield tag="008">090818i| anznnbabn          |a ana     c</controlfield><datafield tag="010" ind1=" " ind2=" "><subfield code="a">sh2009007669</subfield></datafield><datafield tag="035" ind1=" " ind2=" "><subfield code="a">(DLC) sh2009007669</subfield></datafield><datafield tag="035" ind1=" " ind2=" "><subfield code="a">(LIBRARY_OF_CONGRESS)98169249760000041</subfield></datafield><datafield tag="040" ind1=" " ind2=" "><subfield code="a">WaU</subfield><subfield code="b">eng</subfield><subfield code="c">DLC</subfield></datafield><datafield tag="150" ind1=" " ind2="7"><subfield code="a">LGBTQ+-owned businesses</subfield><subfield code="2">nula</subfield></datafield><datafield tag="450" ind1=" " ind2=" "><subfield code="a">Sexual minority-owned business enterprises</subfield></datafield><datafield tag="450" ind1=" " ind2=" "><subfield code="a">Sexual minority business enterprises</subfield><subfield code="w">nne</subfield></datafield><datafield tag="550" ind1=" " ind2=" "><subfield code="w">g</subfield><subfield code="a">Minority business enterprises</subfield></datafield><datafield tag="670" ind1=" " ind2=" "><subfield code="a">Work cat.: Dallas voice yellow pages, 2009:</subfield><subfield code="b">cover (GLBT business directory)</subfield></datafield><datafield tag="670" ind1=" " ind2=" "><subfield code="a">Ritter, K. Handbook of affirmative psychotherapy with lesbians and gay men, c2002, via Google book search, Aug. 14, 2009:</subfield><subfield code="b">p. 237 (sexual minority business and professional groups)</subfield></datafield><datafield tag="670" ind1=" " ind2=" "><subfield code="a">Google search, Aug. 14, 2009</subfield><subfield code="b">(sexual-minority businesses; sexual minority business owners; queer business community; GLBT businesses; LGBT businesses; sexual minority owned businesses; gay, lesbian, bi-sexual, transgender (GLBT)-owned businesses; GLBT-owned, -operated, and/or -friendly businesses; GLBT-owned and GLBT-friendly businesses; GLBT owned and friendly businesses; LGBT business enterprises; LGBT-owned business enterprises; LGBT owned businesses; Gay, Bisexual, and/or Transgender owned Business Enterprises (LGBTBEs))</subfield></datafield><datafield tag="667" ind1=" " ind2=" "><subfield code="a">Main entry changed to a local heading in 2021 from Sexual minority business enterprises to LGBTQ+-owned businesses by jdc following Homosaurus pattern</subfield></datafield></record>