<record><leader>01844cz  a2200193n  4500</leader><controlfield tag="001">9882388070102441</controlfield><controlfield tag="005">20240401092513.0</controlfield><controlfield tag="008">120510i| anznnbabn          |a ana     |</controlfield><datafield tag="010" ind1=" " ind2=" "><subfield code="a">sh2012002059</subfield></datafield><datafield tag="035" ind1=" " ind2=" "><subfield code="a">(DLC)sh2012002059</subfield></datafield><datafield tag="035" ind1=" " ind2=" "><subfield code="a">(LIBRARY_OF_CONGRESS)98181598520000041</subfield></datafield><datafield tag="040" ind1=" " ind2=" "><subfield code="a">WaU</subfield><subfield code="b">eng</subfield><subfield code="c">DLC</subfield><subfield code="d">DLC</subfield></datafield><datafield tag="150" ind1=" " ind2="7"><subfield code="a">LGBTQ+ people in higher education</subfield><subfield code="2">nula</subfield></datafield><datafield tag="450" ind1=" " ind2=" "><subfield code="a">Sexual minorities in higher education</subfield><subfield code="w">nne</subfield></datafield><datafield tag="550" ind1=" " ind2=" "><subfield code="w">g</subfield><subfield code="a">Education, Higher</subfield></datafield><datafield tag="670" ind1=" " ind2=" "><subfield code="a">Work cat.: Our place on campus : lesbian, gay, bisexual, transgender services and programs in higher education, 2002:</subfield><subfield code="b">table of contents (campus LGBT centers and offices; lesbian, gay, bisexual, and transgender students on campus; LGBT faculty, staff, and alumni organizations; University of California LGBTI association; LGBT resources in higher education)</subfield></datafield><datafield tag="670" ind1=" " ind2=" "><subfield code="a">Noack, K.W. An assessment of the campus climate for gay, lesbian, bisexual, and transgender persons as perceived by the faculty, staff, and administration at Texas A &amp; M University, 2004:</subfield><subfield code="b">abstr. (perceptions and behaviors based on university position, race/ethnicity, gender, sexual identity, age, and interaction with members of the sexual orientation minority; finding that the University does not provide a campus environment that is welcoming to all members of the community, especially those individuals who identify as gay, lesbian, bisexual, or transgender; policies that create a more supportive environment and new programs to serve the needs of the sexual orientation minority and to educate the campus community)</subfield></datafield><datafield tag="680" ind1=" " ind2=" "><subfield code="i">Here are entered works on all aspects of sexual minorities' involvement in higher education.</subfield></datafield><datafield tag="667" ind1=" " ind2=" "><subfield code="a">Main entry changed to a local heading in 2021 from Sexual minorities in higher education to LGBTQ+ people in higher education by jdc following Homosaurus pattern</subfield></datafield></record>