<record><leader>01338nz  a2200193n  4500</leader><controlfield tag="001">9882388070302441</controlfield><controlfield tag="005">20240401092302.0</controlfield><controlfield tag="008">230109 | anznnbabn          |a ana     c</controlfield><datafield tag="010" ind1=" " ind2=" "><subfield code="a">sh2023000062</subfield></datafield><datafield tag="035" ind1=" " ind2=" "><subfield code="a">(DLC)sh2023000062</subfield></datafield><datafield tag="035" ind1=" " ind2=" "><subfield code="a">(LIBRARY_OF_CONGRESS)9826612612800041</subfield></datafield><datafield tag="040" ind1=" " ind2=" "><subfield code="a">WaU</subfield><subfield code="b">eng</subfield><subfield code="c">DLC</subfield></datafield><datafield tag="150" ind1=" " ind2="7"><subfield code="a">LGBTQ+ people in comics</subfield><subfield code="2">nula</subfield></datafield><datafield tag="450" ind1=" " ind2=" "><subfield code="a">Sexual minorities in comics</subfield><subfield code="w">nne</subfield></datafield><datafield tag="550" ind1=" " ind2=" "><subfield code="w">g</subfield><subfield code="a">Comic books, strips, etc.</subfield></datafield><datafield tag="670" ind1=" " ind2=" "><subfield code="a">Work cat.: The LGBTQ+ comics studies reader, 2022:</subfield><subfield code="b">p. 3 (Queerness in comics) p. 4 (how LGBTQ+ comics posit specifically queer modes of knowing oneself and one's world; LGBTQ+ comics' visualizations of desire, sexuality, and gender expression across time and place) p. 5 (the representation of queer characters and content in comic books) p. 6 (comic books in the late 1980s and early 1990s found ways to include LGBTQ+ minor characters and small opportunities to begin to humanize self-identified queer people) p. 265 (the emergence of a critical mass of LGBTQ+ representation in comics)</subfield><subfield code="w">(OCoLC)1335120875</subfield></datafield><datafield tag="680" ind1=" " ind2=" "><subfield code="i">Here are entered works on the representation of sexual minorities in comics.</subfield></datafield><datafield tag="688" ind1=" " ind2=" "><subfield code="a">Established May 2023.</subfield></datafield><datafield tag="667" ind1=" " ind2=" "><subfield code="a">Main entry changed to a local heading in 2021 from Sexual minorities in comics to LGBTQ+ people in comics by jdc following Homosaurus pattern</subfield></datafield></record>