<record><leader>00789cz  a2200169n  4500</leader><controlfield tag="001">9882388070402441</controlfield><controlfield tag="005">20240401092005.0</controlfield><controlfield tag="008">070907i| anznnbabn          |a ana     c</controlfield><datafield tag="010" ind1=" " ind2=" "><subfield code="a">sh2007007471</subfield></datafield><datafield tag="035" ind1=" " ind2=" "><subfield code="a">(DLC) sh2007007471</subfield></datafield><datafield tag="035" ind1=" " ind2=" "><subfield code="a">(LIBRARY_OF_CONGRESS)98170855550000041</subfield></datafield><datafield tag="040" ind1=" " ind2=" "><subfield code="a">TXU</subfield><subfield code="b">eng</subfield><subfield code="c">DLC</subfield></datafield><datafield tag="150" ind1=" " ind2="7"><subfield code="a">LGBTQ+ people in advertising</subfield><subfield code="2">nula</subfield></datafield><datafield tag="450" ind1=" " ind2=" "><subfield code="a">Sexual minorities in advertising</subfield><subfield code="w">nne</subfield></datafield><datafield tag="550" ind1=" " ind2=" "><subfield code="w">g</subfield><subfield code="a">Advertising</subfield></datafield><datafield tag="670" ind1=" " ind2=" "><subfield code="a">Work cat.: What does it mean to be gay in American consumer culture?, 2006:</subfield><subfield code="b">p. 1 (the increasing gay men, lesbians, bisexual and transgender (GLBT) images in mainstream advertising)</subfield></datafield><datafield tag="667" ind1=" " ind2=" "><subfield code="a">Main entry changed to a local heading in 2021 from Sexual minorities in advertising to LGBTQ+ people in advertising by jdc following Homosaurus pattern</subfield></datafield></record>