<record><leader>00706nz  a2200169n  4500</leader><controlfield tag="001">9882388070602441</controlfield><controlfield tag="005">20240401091901.0</controlfield><controlfield tag="008">160129i| anznnbabn          |a ana     c</controlfield><datafield tag="010" ind1=" " ind2=" "><subfield code="a">sh2016000220</subfield></datafield><datafield tag="035" ind1=" " ind2=" "><subfield code="a">(DLC)sh2016000220</subfield></datafield><datafield tag="035" ind1=" " ind2=" "><subfield code="a">(LIBRARY_OF_CONGRESS)985521877000041</subfield></datafield><datafield tag="040" ind1=" " ind2=" "><subfield code="a">MiU-L</subfield><subfield code="b">eng</subfield><subfield code="c">DLC</subfield></datafield><datafield tag="150" ind1=" " ind2="7"><subfield code="a">LGBTQ+ people (Islamic law)</subfield><subfield code="2">nula</subfield></datafield><datafield tag="450" ind1=" " ind2=" "><subfield code="a">Sexual minorities (Islamic law)</subfield><subfield code="w">nne</subfield></datafield><datafield tag="550" ind1=" " ind2=" "><subfield code="w">g</subfield><subfield code="a">Islamic law</subfield></datafield><datafield tag="670" ind1=" " ind2=" "><subfield code="a">Work cat: Sexual and gender diversity in the Muslim world : history, law and vernacular knowledge, 2016.</subfield></datafield><datafield tag="667" ind1=" " ind2=" "><subfield code="a">Main entry changed to a local heading in 2021 from Sexual minorities (Islamic law) to LGBTQ+ people (Islamic law) by jdc following Homosaurus pattern</subfield></datafield></record>