<record><leader>01007nz  a2200193n  4500</leader><controlfield tag="001">9882388070902441</controlfield><controlfield tag="005">20240401091423.0</controlfield><controlfield tag="008">190227i| anznnbabn          |a ana     c</controlfield><datafield tag="010" ind1=" " ind2=" "><subfield code="a">sh2019000430</subfield></datafield><datafield tag="035" ind1=" " ind2=" "><subfield code="a">(DLC)sh2019000430</subfield></datafield><datafield tag="035" ind1=" " ind2=" "><subfield code="a">(LIBRARY_OF_CONGRESS)9812218482000041</subfield></datafield><datafield tag="040" ind1=" " ind2=" "><subfield code="a">WaU</subfield><subfield code="b">eng</subfield><subfield code="c">DLC</subfield></datafield><datafield tag="150" ind1=" " ind2="7"><subfield code="a">Older LGBTQ+ women</subfield><subfield code="2">nula</subfield></datafield><datafield tag="450" ind1=" " ind2=" "><subfield code="a">Sexual minority older women</subfield></datafield><datafield tag="450" ind1=" " ind2=" "><subfield code="a">Older sexual minority women</subfield><subfield code="w">nne</subfield></datafield><datafield tag="550" ind1=" " ind2=" "><subfield code="w">g</subfield><subfield code="a">Older women</subfield></datafield><datafield tag="550" ind1=" " ind2=" "><subfield code="w">g</subfield><subfield code="a">Sexual minority women</subfield></datafield><datafield tag="670" ind1=" " ind2=" "><subfield code="a">Work cat.: 55Upitty, viewed online Feb. 27, 2019:</subfield><subfield code="b">about page ("This project is about challenging people's ideas about older LGBTI women; it's about our feisty over-55 upitty women"; the history of women who have been, and the women who still are, involved in lesbian, feminist, gay, bisexual, transgender, intersex and queer activism and culture)</subfield></datafield><datafield tag="667" ind1=" " ind2=" "><subfield code="a">Main entry changed to a local heading in 2021 from Older sexual minority women to Older LGBTQ+ women by jdc following Homosaurus pattern</subfield></datafield></record>