<record><leader>01175nz  a2200181n  4500</leader><controlfield tag="001">9882388071102441</controlfield><controlfield tag="005">20240401090823.0</controlfield><controlfield tag="008">160925i| anznnbabn          |a ana     c</controlfield><datafield tag="010" ind1=" " ind2=" "><subfield code="a">sh2016002249</subfield></datafield><datafield tag="035" ind1=" " ind2=" "><subfield code="a">(DLC)sh2016002249</subfield></datafield><datafield tag="035" ind1=" " ind2=" "><subfield code="a">(LIBRARY_OF_CONGRESS)987377803900041</subfield></datafield><datafield tag="040" ind1=" " ind2=" "><subfield code="a">WaU</subfield><subfield code="b">eng</subfield><subfield code="c">DLC</subfield></datafield><datafield tag="150" ind1=" " ind2="7"><subfield code="a">Museums and LGBTQ+ people</subfield><subfield code="2">nula</subfield></datafield><datafield tag="450" ind1=" " ind2=" "><subfield code="a">Sexual minorities and museums</subfield></datafield><datafield tag="450" ind1=" " ind2=" "><subfield code="a">Museums and sexual minorities</subfield><subfield code="w">nne</subfield></datafield><datafield tag="550" ind1=" " ind2=" "><subfield code="w">g</subfield><subfield code="a">Sexual minorities</subfield></datafield><datafield tag="670" ind1=" " ind2=" "><subfield code="a">Work cat.: Olivo, S. Rocking the boat : exhibition methods of storytelling the experience of gender &amp; sexuality in museums, 2015:</subfield><subfield code="b">abstr. (emerging models for telling/sharing stories of female-identified and LGBTQ experience in museum exhibition. Keywords: museum, critical museology, exhibition, storytelling, identity, feminist standpoint theory, lesbian, gay, bisexual, transgender, queer, intersectionality, narrative, interpretation, language, education, authenticity) p. 32 (representation of the LGBTQ experience in museums)</subfield></datafield><datafield tag="667" ind1=" " ind2=" "><subfield code="a">Main entry changed to a local heading in 2021 from Museums and sexual minorities to Museums and LGBTQ+ people by jdc following Homosaurus pattern</subfield></datafield></record>