<record><leader>00716cz  a2200181n  4500</leader><controlfield tag="001">9882388071202441</controlfield><controlfield tag="005">20240401090728.0</controlfield><controlfield tag="008">050627i| anznnbabn          |a ana     c</controlfield><datafield tag="010" ind1=" " ind2=" "><subfield code="a">sh2005020050</subfield></datafield><datafield tag="035" ind1=" " ind2=" "><subfield code="a">(DLC) sh2005020050</subfield></datafield><datafield tag="035" ind1=" " ind2=" "><subfield code="a">(LIBRARY_OF_CONGRESS)98171907310000041</subfield></datafield><datafield tag="040" ind1=" " ind2=" "><subfield code="a">WaU</subfield><subfield code="b">eng</subfield><subfield code="c">DLC</subfield><subfield code="d">DLC</subfield></datafield><datafield tag="150" ind1=" " ind2="7"><subfield code="a">Middle-aged LGBTQ+ people</subfield><subfield code="2">nula</subfield></datafield><datafield tag="450" ind1=" " ind2=" "><subfield code="a">Middle-aged sexual minorities</subfield><subfield code="w">nne</subfield></datafield><datafield tag="550" ind1=" " ind2=" "><subfield code="w">g</subfield><subfield code="a">Middle-aged persons</subfield></datafield><datafield tag="550" ind1=" " ind2=" "><subfield code="w">g</subfield><subfield code="a">Sexual minorities</subfield></datafield><datafield tag="670" ind1=" " ind2=" "><subfield code="a">Work cat.: 2004012742: Hunter, S. Midlife and older LGBT adults, c2005.</subfield></datafield><datafield tag="667" ind1=" " ind2=" "><subfield code="a">Main entry changed to a local heading in 2021 from Middle-aged sexual minorities to Middle-aged LGBTQ+ people by jdc following Homosaurus pattern</subfield></datafield></record>