<record><leader>01108nz  a2200181n  4500</leader><controlfield tag="001">9882388071302441</controlfield><controlfield tag="005">20240401090541.0</controlfield><controlfield tag="008">200316i| anznnbabn          |a ana     c</controlfield><datafield tag="010" ind1=" " ind2=" "><subfield code="a">sh2020000711</subfield></datafield><datafield tag="035" ind1=" " ind2=" "><subfield code="a">(DLC)sh2020000711</subfield></datafield><datafield tag="035" ind1=" " ind2=" "><subfield code="a">(LIBRARY_OF_CONGRESS)9814717502100041</subfield></datafield><datafield tag="040" ind1=" " ind2=" "><subfield code="a">WaU</subfield><subfield code="b">eng</subfield><subfield code="c">DLC</subfield></datafield><datafield tag="150" ind1=" " ind2="7"><subfield code="a">Hispanic American LGBTQ+ youth</subfield><subfield code="2">nula</subfield></datafield><datafield tag="450" ind1=" " ind2=" "><subfield code="a">Sexual minority youth, Hispanic American</subfield></datafield><datafield tag="450" ind1=" " ind2=" "><subfield code="a">Hispanic American sexual minority youth</subfield><subfield code="w">nne</subfield></datafield><datafield tag="550" ind1=" " ind2=" "><subfield code="w">g</subfield><subfield code="a">Sexual minority youth</subfield><subfield code="z">United States</subfield></datafield><datafield tag="670" ind1=" " ind2=" "><subfield code="a">Work cat.: Zongrone, A.D. Latinx LGBTQ youth in U.S. schools, 2020:</subfield><subfield code="b">p. x (Hispanic/Latino/Latina/Latinx youth and lesbian, gay, bisexual, transgender, and queer (LGBTQ) identities) p. xi (LGBTQIA+ Latinx youth; Latinx LGBTQ youth) p. xv (Hispanic and Latino/Latina/Latinx youth (in this report, inclusively referred to as Latinx) as well as lesbian, gay, bisexual, transgender, and queer (LGBTQ) youth)</subfield></datafield><datafield tag="667" ind1=" " ind2=" "><subfield code="a">Main entry changed to a local heading in 2021 from Hispanic American sexual minority youth to Hispanic American LGBTQ+ youth by jdc following Homosaurus pattern</subfield></datafield></record>