<record><leader>01216nz  a2200181n  4500</leader><controlfield tag="001">9882388071402441</controlfield><controlfield tag="005">20240401090436.0</controlfield><controlfield tag="008">200316i| anznnbabn          |a ana     c</controlfield><datafield tag="010" ind1=" " ind2=" "><subfield code="a">sh2020000710</subfield></datafield><datafield tag="035" ind1=" " ind2=" "><subfield code="a">(DLC)sh2020000710</subfield></datafield><datafield tag="035" ind1=" " ind2=" "><subfield code="a">(LIBRARY_OF_CONGRESS)9814717502200041</subfield></datafield><datafield tag="040" ind1=" " ind2=" "><subfield code="a">WaU</subfield><subfield code="b">eng</subfield><subfield code="c">DLC</subfield></datafield><datafield tag="150" ind1=" " ind2="7"><subfield code="a">Hispanic American LGBTQ+ students</subfield><subfield code="2">nula</subfield></datafield><datafield tag="450" ind1=" " ind2=" "><subfield code="a">Sexual minority students, Hispanic American</subfield></datafield><datafield tag="450" ind1=" " ind2=" "><subfield code="a">Hispanic American sexual minority students</subfield><subfield code="w">nne</subfield></datafield><datafield tag="550" ind1=" " ind2=" "><subfield code="w">g</subfield><subfield code="a">Sexual minority students</subfield><subfield code="z">United States</subfield></datafield><datafield tag="670" ind1=" " ind2=" "><subfield code="a">Work cat.: Zongrone, A.D. Latinx LGBTQ youth in U.S. schools, 2020:</subfield><subfield code="b">p. x (students who already experience discrimination and harassment at school because of their intersectional identities as Hispanic/Latino/Latina/Latinx youth and lesbian, gay, bisexual, transgender, and queer (LGBTQ) identities, are facing even more challenges in an increasingly divisive era with racism and anti-immigrant sentiment on the rise; LGBTQ Latinx students) p. xi (the experiences of LGBTQIA+ youth in schools)</subfield></datafield><datafield tag="667" ind1=" " ind2=" "><subfield code="a">Main entry changed to a local heading in 2021 from Hispanic American sexual minority students to Hispanic American LGBTQ+ students by jdc following Homosaurus pattern</subfield></datafield></record>