<record><leader>00737nz  a2200169n  4500</leader><controlfield tag="001">9882388071502441</controlfield><controlfield tag="005">20240401090134.0</controlfield><controlfield tag="008">180509i| anznnbabn          |a ana     c</controlfield><datafield tag="010" ind1=" " ind2=" "><subfield code="a">sh2018001191</subfield></datafield><datafield tag="035" ind1=" " ind2=" "><subfield code="a">(DLC)sh2018001191</subfield></datafield><datafield tag="035" ind1=" " ind2=" "><subfield code="a">(LIBRARY_OF_CONGRESS)9810904596100041</subfield></datafield><datafield tag="040" ind1=" " ind2=" "><subfield code="a">VaVbRU</subfield><subfield code="b">eng</subfield><subfield code="c">DLC</subfield></datafield><datafield tag="150" ind1=" " ind2="7"><subfield code="a">Church work with LGBTQ+ youth</subfield><subfield code="2">nula</subfield></datafield><datafield tag="450" ind1=" " ind2=" "><subfield code="a">Church work with sexual minority youth</subfield><subfield code="w">nne</subfield></datafield><datafield tag="550" ind1=" " ind2=" "><subfield code="w">g</subfield><subfield code="a">Sexual minority youth</subfield></datafield><datafield tag="670" ind1=" " ind2=" "><subfield code="a">Work cat.: Bucher, E.K. Youth Ministry Attitudes toward and Experiences with Sexual Minority Youth, 2016.</subfield></datafield><datafield tag="667" ind1=" " ind2=" "><subfield code="a">Main entry changed to a local heading in 2021 from Church work with sexual minority youth to Church work with LGBTQ+ youth by jdc following Homosaurus pattern</subfield></datafield></record>