<record><leader>01031nz  a2200181n  4500</leader><controlfield tag="001">9882388071602441</controlfield><controlfield tag="005">20240401090006.0</controlfield><controlfield tag="008">210216i| anznnbabn          |a ana      </controlfield><datafield tag="010" ind1=" " ind2=" "><subfield code="a">sh2021001451</subfield></datafield><datafield tag="035" ind1=" " ind2=" "><subfield code="a">(DLC)sh2021001451</subfield></datafield><datafield tag="035" ind1=" " ind2=" "><subfield code="a">(LIBRARY_OF_CONGRESS)9818366903200041</subfield></datafield><datafield tag="040" ind1=" " ind2=" "><subfield code="a">DLC</subfield><subfield code="b">eng</subfield><subfield code="c">DLC</subfield></datafield><datafield tag="053" ind1=" " ind2="0"><subfield code="a">BV4437.5</subfield></datafield><datafield tag="150" ind1=" " ind2="7"><subfield code="a">Church work with LGBTQ+ people</subfield><subfield code="2">nula</subfield></datafield><datafield tag="450" ind1=" " ind2=" "><subfield code="a">Church work with sexual minorities</subfield><subfield code="w">nne</subfield></datafield><datafield tag="550" ind1=" " ind2=" "><subfield code="w">g</subfield><subfield code="a">Sexual minorities</subfield></datafield><datafield tag="670" ind1=" " ind2=" "><subfield code="a">Work cat: Messy truth, 2021:</subfield><subfield code="b">CIP summary (a compassionate playbook to help Christians, church staff, and ministry leaders create a culture of belonging without sacrificing theological convictions) galley (stories of people who either relate to or identify as LGBTQ; dives into the relational contours of faith, sexuality, conversations, and the importance of community)</subfield><subfield code="w">(DLC)2020054706</subfield></datafield><datafield tag="667" ind1=" " ind2=" "><subfield code="a">Main entry changed to a local heading in 2021 from Church work with sexual minorities to Church work with LGBTQ+ people by jdc following Homosaurus pattern</subfield></datafield></record>