<record><leader>00964nz  a2200181n  4500</leader><controlfield tag="001">9882388071702441</controlfield><controlfield tag="005">20240401085743.0</controlfield><controlfield tag="008">200312i| anznnbabn          |a ana     c</controlfield><datafield tag="010" ind1=" " ind2=" "><subfield code="a">sh2020000682</subfield></datafield><datafield tag="035" ind1=" " ind2=" "><subfield code="a">(DLC)sh2020000682</subfield></datafield><datafield tag="035" ind1=" " ind2=" "><subfield code="a">(LIBRARY_OF_CONGRESS)9814717503600041</subfield></datafield><datafield tag="040" ind1=" " ind2=" "><subfield code="a">WaU</subfield><subfield code="b">eng</subfield><subfield code="c">DLC</subfield></datafield><datafield tag="150" ind1=" " ind2="7"><subfield code="a">Asian American LGBTQ+ students</subfield><subfield code="2">nula</subfield></datafield><datafield tag="450" ind1=" " ind2=" "><subfield code="a">Sexual minority students, Asian American</subfield></datafield><datafield tag="450" ind1=" " ind2=" "><subfield code="a">Asian American sexual minority students</subfield><subfield code="w">nne</subfield></datafield><datafield tag="550" ind1=" " ind2=" "><subfield code="w">g</subfield><subfield code="a">Sexual minority students</subfield><subfield code="z">United States</subfield></datafield><datafield tag="670" ind1=" " ind2=" "><subfield code="a">Work cat.: Truong, N.L. Asian American and Pacific Islander LGBTQ youth in U.S. schools, 2020:</subfield><subfield code="b">p. xv (AAPI LGBTQ students) p. 3 (Asian American and Pacific Islander (AAPI) elementary and secondary school students; LGBTQ AAPI students; AAPI LGBTQ students)</subfield></datafield><datafield tag="667" ind1=" " ind2=" "><subfield code="a">Main entry changed to a local heading in 2021 from Asian American sexual minority students to Asian American LGBTQ+ students by jdc following Homosaurus pattern</subfield></datafield></record>