<record><leader>01078nz  a2200181n  4500</leader><controlfield tag="001">9882388071802441</controlfield><controlfield tag="005">20240401085504.0</controlfield><controlfield tag="008">200317i| anznnbabn          |a ana     c</controlfield><datafield tag="010" ind1=" " ind2=" "><subfield code="a">sh2020000721</subfield></datafield><datafield tag="035" ind1=" " ind2=" "><subfield code="a">(DLC)sh2020000721</subfield></datafield><datafield tag="035" ind1=" " ind2=" "><subfield code="a">(LIBRARY_OF_CONGRESS)9814717501200041</subfield></datafield><datafield tag="040" ind1=" " ind2=" "><subfield code="a">WaU</subfield><subfield code="b">eng</subfield><subfield code="c">DLC</subfield></datafield><datafield tag="150" ind1=" " ind2="7"><subfield code="a">Alaska Native LGBTQ+ youth</subfield><subfield code="2">nula</subfield></datafield><datafield tag="450" ind1=" " ind2=" "><subfield code="a">Sexual minority youth, Alaska Native</subfield></datafield><datafield tag="450" ind1=" " ind2=" "><subfield code="a">Alaska Native sexual minority youth</subfield><subfield code="w">nne</subfield></datafield><datafield tag="550" ind1=" " ind2=" "><subfield code="w">g</subfield><subfield code="a">Sexual minority youth</subfield><subfield code="z">United States</subfield></datafield><datafield tag="670" ind1=" " ind2=" "><subfield code="a">Work cat.: Zongrone, A.D. Native American, American Indian, and Alaska Native LGBTQ youth in U.S. schools, 2020:</subfield><subfield code="b">p. x (LGBTQ+ native youth) p. xv (Native American, American Indian, and Alaska Native youth (referred to, henceforth, as Native and Indigenous youth in this report) as well as lesbian, gay, bisexual, transgender, and queer (LGBTQ) youth) p. xx (Native and Indigenous LGBTQ youth)</subfield></datafield><datafield tag="667" ind1=" " ind2=" "><subfield code="a">Main entry changed to a local heading in 2021 from Alaska Native sexual minority youth to Alaska Native LGBTQ+ youth by jdc following Homosaurus pattern</subfield></datafield></record>