<record><leader>01815nz  a2200181n  4500</leader><controlfield tag="001">9882388071902441</controlfield><controlfield tag="005">20240401085315.0</controlfield><controlfield tag="008">200317i| anznnbabn          |a ana     c</controlfield><datafield tag="010" ind1=" " ind2=" "><subfield code="a">sh2020000722</subfield></datafield><datafield tag="035" ind1=" " ind2=" "><subfield code="a">(DLC)sh2020000722</subfield></datafield><datafield tag="035" ind1=" " ind2=" "><subfield code="a">(LIBRARY_OF_CONGRESS)9814717501100041</subfield></datafield><datafield tag="040" ind1=" " ind2=" "><subfield code="a">WaU</subfield><subfield code="b">eng</subfield><subfield code="c">DLC</subfield></datafield><datafield tag="150" ind1=" " ind2="7"><subfield code="a">Alaska Native LGBTQ+ students</subfield><subfield code="2">nula</subfield></datafield><datafield tag="450" ind1=" " ind2=" "><subfield code="a">Sexual minority students, Alaska Native</subfield></datafield><datafield tag="450" ind1=" " ind2=" "><subfield code="a">Alaska Native sexual minority students</subfield><subfield code="w">nne</subfield></datafield><datafield tag="550" ind1=" " ind2=" "><subfield code="w">g</subfield><subfield code="a">Sexual minority students</subfield><subfield code="z">United States</subfield></datafield><datafield tag="670" ind1=" " ind2=" "><subfield code="a">Work cat.: Zongrone, A.D. Native American, American Indian, and Alaska Native LGBTQ youth in U.S. schools, 2020:</subfield><subfield code="b">p. xv (Native and Indigenous LGBTQ students) pp. xv-xvi (the sample for this report consists of any LGBTQ student in the national sample who identified as Native American, American Indian, or Alaska Native, including those who identified only as Native and those who identified as Native and another racial/ethnic identity) p. xvii (Native LGBTQ students) p. 7 (about two-fifths of Native and Indigenous LGBTQ students in the sample (39.0%) identified as gay or lesbian, with just over a quarter (27.0%) identifying as bisexual and 24.9% identifying as pansexual. Nearly half (46.2%) identified as cisgender, 28.8% identified as transgender, and the remainder identified with another gender identity or were unsure of their gender identity. A small number of respondents (0.2%) identified as two-spirit, an umbrella term that is commonly used to encompass the many gender expansive traditions of indigenous cultures, and which may refer to an individual's sexual orientation and/or gender identity)</subfield></datafield><datafield tag="667" ind1=" " ind2=" "><subfield code="a">Main entry changed to a local heading in 2021 from Alaska Native sexual minority students to Alaska Native LGBTQ+ students by jdc following Homosaurus pattern</subfield></datafield></record>