<record><leader>00810cz  a2200181n  4500</leader><controlfield tag="001">9882388072002441</controlfield><controlfield tag="005">20240401085147.0</controlfield><controlfield tag="008">090814i| anznnbabn          |a ana     c</controlfield><datafield tag="010" ind1=" " ind2=" "><subfield code="a">sh2009007612</subfield></datafield><datafield tag="035" ind1=" " ind2=" "><subfield code="a">(DLC) sh2009007612</subfield></datafield><datafield tag="035" ind1=" " ind2=" "><subfield code="a">(LIBRARY_OF_CONGRESS)98169163470000041</subfield></datafield><datafield tag="040" ind1=" " ind2=" "><subfield code="a">WaU</subfield><subfield code="b">eng</subfield><subfield code="c">DLC</subfield></datafield><datafield tag="150" ind1=" " ind2="7"><subfield code="a">Alaska Native LGBTQ+ people</subfield><subfield code="2">nula</subfield></datafield><datafield tag="450" ind1=" " ind2=" "><subfield code="a">Sexual minorities, Alaska Native</subfield></datafield><datafield tag="450" ind1=" " ind2=" "><subfield code="a">Alaska Native sexual minorities</subfield><subfield code="w">nne</subfield></datafield><datafield tag="550" ind1=" " ind2=" "><subfield code="w">g</subfield><subfield code="a">Sexual minorities</subfield><subfield code="z">United States</subfield></datafield><datafield tag="670" ind1=" " ind2=" "><subfield code="a">Work cat.: Lehavot, K. Abuse, mastery, and health among lesbian, bisexual, and two-spirit American Indian and Alaska Native women, 2007.</subfield></datafield><datafield tag="667" ind1=" " ind2=" "><subfield code="a">Main entry changed to a local heading in 2021 from Alaska Native sexual minorities to Alaska Native LGBTQ+ people by jdc following Homosaurus pattern.</subfield></datafield></record>