<record><leader>01064nz  a2200181n  4500</leader><controlfield tag="001">9882388072102441</controlfield><controlfield tag="005">20240401084947.0</controlfield><controlfield tag="008">200317i| anznnbabn          |a ana     c</controlfield><datafield tag="010" ind1=" " ind2=" "><subfield code="a">sh2020000718</subfield></datafield><datafield tag="035" ind1=" " ind2=" "><subfield code="a">(DLC)sh2020000718</subfield></datafield><datafield tag="035" ind1=" " ind2=" "><subfield code="a">(LIBRARY_OF_CONGRESS)9814717501500041</subfield></datafield><datafield tag="040" ind1=" " ind2=" "><subfield code="a">WaU</subfield><subfield code="b">eng</subfield><subfield code="c">DLC</subfield></datafield><datafield tag="150" ind1=" " ind2="7"><subfield code="a">African American LGBTQ+ youth</subfield><subfield code="2">nula</subfield></datafield><datafield tag="450" ind1=" " ind2=" "><subfield code="a">Sexual minority youth, African American</subfield></datafield><datafield tag="450" ind1=" " ind2=" "><subfield code="a">African American sexual minority youth</subfield><subfield code="w">nne</subfield></datafield><datafield tag="550" ind1=" " ind2=" "><subfield code="w">g</subfield><subfield code="a">Sexual minority youth</subfield><subfield code="z">United States</subfield></datafield><datafield tag="670" ind1=" " ind2=" "><subfield code="a">Work cat.: Truong, N.L. Black LGBTQ youth in U.S. schools, 2020:</subfield><subfield code="b">p. xv (Black as well as lesbian, gay, bisexual, transgender, and queer (LGBTQ) youth) p. 3 (Black LGBTQ youth's multiple intersecting marginalized identities (e.g., race, gender, sexual orientation) in relation to multiple interlocking systems of oppression (e.g., racism, transphobia, homophobia))</subfield></datafield><datafield tag="667" ind1=" " ind2=" "><subfield code="a">Main entry changed to a local heading in 2021 from African American sexual minority youth to African American LGBTQ+ youth by jdc following Homosaurus pattern</subfield></datafield></record>