<record><leader>01054nz  a2200181n  4500</leader><controlfield tag="001">9882388072202441</controlfield><controlfield tag="005">20240401084821.0</controlfield><controlfield tag="008">200317i| anznnbabn          |a ana     c</controlfield><datafield tag="010" ind1=" " ind2=" "><subfield code="a">sh2020000717</subfield></datafield><datafield tag="035" ind1=" " ind2=" "><subfield code="a">(DLC)sh2020000717</subfield></datafield><datafield tag="035" ind1=" " ind2=" "><subfield code="a">(LIBRARY_OF_CONGRESS)9814717501600041</subfield></datafield><datafield tag="040" ind1=" " ind2=" "><subfield code="a">WaU</subfield><subfield code="b">eng</subfield><subfield code="c">DLC</subfield></datafield><datafield tag="150" ind1=" " ind2="7"><subfield code="a">African American LGBTQ+ students</subfield><subfield code="2">nula</subfield></datafield><datafield tag="450" ind1=" " ind2=" "><subfield code="a">Sexual minority students, African American</subfield></datafield><datafield tag="450" ind1=" " ind2=" "><subfield code="a">African American sexual minority students</subfield><subfield code="w">nne</subfield></datafield><datafield tag="550" ind1=" " ind2=" "><subfield code="w">g</subfield><subfield code="a">Sexual minority students</subfield><subfield code="z">United States</subfield></datafield><datafield tag="670" ind1=" " ind2=" "><subfield code="a">Work cat.: Truong, N.L. Black LGBTQ youth in U.S. schools, 2020:</subfield><subfield code="b">p. x (students who are uniquely impacted by racism and homophobia because they are both Black and LGBTQ+ or same gender loving (SGL); Black Lesbian, Gay, Bisexual, Transgender, Queer, and Same Gender Loving people; Black LGBTQ/SGL students) p. xv (Black LGBTQ students)</subfield></datafield><datafield tag="667" ind1=" " ind2=" "><subfield code="a">Main entry changed to a local heading in 2021 from African American sexual minority students to African American LGBTQ+ students by jdc following Homosaurus pattern.</subfield></datafield></record></collection>